<record><leader>00000cas a22000007a 4500</leader><controlfield tag="001">15161700</controlfield><controlfield tag="008">870206d18731888mouwr ne      0    0eng d</controlfield><datafield ind1=" " ind2=" " tag="010"><subfield code="a">sn 87052151 </subfield></datafield><datafield ind1=" " ind2=" " tag="040"><subfield code="a">NPX</subfield><subfield code="b">eng</subfield><subfield code="c">NPX</subfield><subfield code="d">DLC</subfield><subfield code="d">MQN</subfield><subfield code="d">OCLCQ</subfield></datafield><datafield ind1=" " ind2=" " tag="042"><subfield code="a">msc</subfield></datafield><datafield ind1="0" ind2="0" tag="245"><subfield code="a">Saline County democrat.</subfield></datafield><datafield ind1=" " ind2=" " tag="260"><subfield code="a">Marshall &amp; Arrow Rock, Mo. :</subfield><subfield code="b">B. Frazee</subfield></datafield><datafield ind1=" " ind2=" " tag="310"><subfield code="a">Weekly</subfield></datafield><datafield ind1="1" ind2=" " tag="362"><subfield code="a">Began in 1873? Ceased in 1888?</subfield></datafield><datafield ind1=" " ind2=" " tag="588"><subfield code="a">Description based on: Vol. 3, no. 36 (July 17, 1875).</subfield></datafield><datafield ind1=" " ind2=" " tag="752"><subfield code="a">United States</subfield><subfield code="b">Missouri</subfield><subfield code="c">Saline</subfield><subfield code="d">Marshall.</subfield></datafield><datafield ind1=" " ind2=" " tag="752"><subfield code="a">United States</subfield><subfield code="b">Missouri</subfield><subfield code="c">Saline</subfield><subfield code="d">Arrow Rock.</subfield></datafield><datafield ind1="0" ind2="7" tag="785"><subfield code="t">Marshall news (Marshall, Mo.)</subfield></datafield><datafield ind1="0" ind2="7" tag="785"><subfield code="t">Weekly democrat-news</subfield><subfield code="w">(DLC)sn 89066245</subfield></datafield></record>